[gd_scene load_steps=11 format=2]

[ext_resource path="res://assests/Scripts/playerHubScore.gd" type="Script" id=1]
[ext_resource path="res://assests/images/environment/Objects/coin/star coin 1.png" type="Texture" id=2]
[ext_resource path="res://assests/images/environment/Objects/coin/star coin 6.png" type="Texture" id=3]
[ext_resource path="res://assests/images/environment/Objects/coin/star coin 5.png" type="Texture" id=4]
[ext_resource path="res://assests/images/environment/Objects/coin/star coin 4.png" type="Texture" id=5]
[ext_resource path="res://assests/images/environment/Objects/coin/star coin 3.png" type="Texture" id=6]
[ext_resource path="res://assests/images/environment/Objects/coin/star coin 2.png" type="Texture" id=7]
[ext_resource path="res://assests/fonts/gomarice_no_continue.ttf" type="DynamicFontData" id=8]

[sub_resource type="AnimatedTexture" id=1]
flags = 4
frames = 12
fps = 15.0
frame_0/texture = ExtResource( 2 )
frame_1/texture = ExtResource( 3 )
frame_1/delay_sec = 0.0
frame_2/texture = ExtResource( 4 )
frame_2/delay_sec = 0.0
frame_3/texture = ExtResource( 5 )
frame_3/delay_sec = 0.0
frame_4/texture = ExtResource( 6 )
frame_4/delay_sec = 0.0
frame_5/texture = ExtResource( 7 )
frame_5/delay_sec = 0.0
frame_6/texture = ExtResource( 2 )
frame_6/delay_sec = 0.0
frame_7/texture = ExtResource( 7 )
frame_7/delay_sec = 0.0
frame_8/texture = ExtResource( 6 )
frame_8/delay_sec = 0.0
frame_9/texture = ExtResource( 5 )
frame_9/delay_sec = 0.0
frame_10/texture = ExtResource( 4 )
frame_10/delay_sec = 0.0
frame_11/texture = ExtResource( 3 )
frame_11/delay_sec = 0.0

[sub_resource type="DynamicFont" id=2]
size = 20
outline_size = 2
outline_color = Color( 0, 0, 0, 1 )
use_filter = true
font_data = ExtResource( 8 )

[node name="playerHub" type="CanvasLayer"]
script = ExtResource( 1 )

[node name="playerHub" type="Control" parent="."]
anchor_right = 1.0
anchor_bottom = 0.111
margin_bottom = 0.0399971

[node name="VBoxContainer" type="VBoxContainer" parent="playerHub"]
anchor_left = 0.031
anchor_top = 0.25
anchor_right = 0.966
anchor_bottom = 0.85
margin_left = 0.16
margin_right = 1.76001

[node name="TextureRect" type="TextureRect" parent="playerHub/VBoxContainer"]
margin_right = 600.0
margin_bottom = 24.0
texture = SubResource( 1 )

[node name="coins" type="Label" parent="playerHub/VBoxContainer/TextureRect"]
margin_left = 29.0
margin_top = 2.0
margin_right = 100.0
margin_bottom = 23.0
custom_fonts/font = SubResource( 2 )
custom_colors/font_color = Color( 0.878431, 0.878431, 0.878431, 1 )
text = "0000"

[node name="score" type="Label" parent="playerHub/VBoxContainer/TextureRect"]
margin_left = 520.0
margin_top = 2.0
margin_right = 598.0
margin_bottom = 23.0
custom_fonts/font = SubResource( 2 )
custom_colors/font_color = Color( 0.878431, 0.878431, 0.878431, 1 )
text = "0"
align = 2
valign = 1
